

@article{ViT,
  title={An image is worth 16x16 words: Transformers for image recognition at scale},
  author={Dosovitskiy, Alexey and Beyer, Lucas and Kolesnikov, Alexander and Weissenborn, Dirk and Zhai, Xiaohua and Unterthiner, Thomas and Dehghani, Mostafa and Minderer, Matthias and Heigold, Georg and Gelly, Sylvain and others},
  journal={arXiv preprint arXiv:2010.11929},
  year={2020}
}

@article{sim-mim,
  author    = {Zhenda Xie and
               Zheng Zhang and
               Yue Cao and
               Yutong Lin and
               Jianmin Bao and
               Zhuliang Yao and
               Qi Dai and
               Han Hu},
  title     = {SimMIM: {A} Simple Framework for Masked Image Modeling},
  journal   = {CoRR},
  volume    = {abs/2111.09886},
  year      = {2021},
  url       = {https://arxiv.org/abs/2111.09886},
  eprinttype = {arXiv},
  eprint    = {2111.09886},
  timestamp = {Thu, 02 Dec 2021 15:54:22 +0100},
  biburl    = {https://dblp.org/rec/journals/corr/abs-2111-09886.bib},
  bibsource = {dblp computer science bibliography, https://dblp.org}
}
@article{attention-is-all-you-need,
  title={Attention is all you need},
  author={Vaswani, Ashish and Shazeer, Noam and Parmar, Niki and Uszkoreit, Jakob and Jones, Llion and Gomez, Aidan N and Kaiser, {\L}ukasz and Polosukhin, Illia},
  journal={Advances in neural information processing systems},
  volume={30},
  year={2017},
  url       = {http://arxiv.org/abs/1706.03762},
  eprinttype = {arXiv},
  eprint    = {1706.03762},
  timestamp = {Sat, 23 Jan 2021 01:20:40 +0100},
  biburl    = {https://dblp.org/rec/journals/corr/VaswaniSPUJGKP17.bib},
  bibsource = {dblp computer science bibliography, https://dblp.org}
}

@article{t-can-do-bayesian-inference,
  title={Transformers Can Do Bayesian Inference},
  author={M{\"u}ller, Samuel and Hollmann, Noah and Arango, Sebastian Pineda and Grabocka, Josif and Hutter, Frank},
  journal={International Conference on Learning Representations (ICLR) 2022},
  year={2022},
  url        = {https://arxiv.org/abs/2112.10510},
  eprinttype = {arXiv},
  eprint     = {2112.10510},
  timestamp  = {Tue, 04 Jan 2022 15:59:27 +0100},
}


@misc{order-matters,
  doi = {10.48550/ARXIV.1511.06391},

  url = {https://arxiv.org/abs/1511.06391},

  author = {Vinyals, Oriol and Bengio, Samy and Kudlur, Manjunath},

  keywords = {Machine Learning (stat.ML), Computation and Language (cs.CL), Machine Learning (cs.LG), FOS: Computer and information sciences, FOS: Computer and information sciences},

  title = {Order Matters: Sequence to sequence for sets},

  publisher = {arXiv},

  year = {2015},

  copyright = {arXiv.org perpetual, non-exclusive license}
}


@misc{order-matters,
  doi = {10.48550/ARXIV.1511.06391},

  url = {https://arxiv.org/abs/1511.06391},

  author = {Vinyals, Oriol and Bengio, Samy and Kudlur, Manjunath},

  keywords = {Machine Learning (stat.ML), Computation and Language (cs.CL), Machine Learning (cs.LG), FOS: Computer and information sciences, FOS: Computer and information sciences},

  title = {Order Matters: Sequence to sequence for sets},

  publisher = {arXiv},

  year = {2015},

  copyright = {arXiv.org perpetual, non-exclusive license}
}

@Article{         numpy,
 title         = {Array programming with {NumPy}},
 author        = {Charles R. Harris and K. Jarrod Millman and St{\'{e}}fan J.
                 van der Walt and Ralf Gommers and Pauli Virtanen and David
                 Cournapeau and Eric Wieser and Julian Taylor and Sebastian
                 Berg and Nathaniel J. Smith and Robert Kern and Matti Picus
                 and Stephan Hoyer and Marten H. van Kerkwijk and Matthew
                 Brett and Allan Haldane and Jaime Fern{\'{a}}ndez del
                 R{\'{i}}o and Mark Wiebe and Pearu Peterson and Pierre
                 G{\'{e}}rard-Marchant and Kevin Sheppard and Tyler Reddy and
                 Warren Weckesser and Hameer Abbasi and Christoph Gohlke and
                 Travis E. Oliphant},
 year          = {2020},
 month         = sep,
 journal       = {Nature},
 volume        = {585},
 number        = {7825},
 pages         = {357--362},
 doi           = {10.1038/s41586-020-2649-2},
 publisher     = {Springer Science and Business Media {LLC}},
 url           = {https://doi.org/10.1038/s41586-020-2649-2}
}


@misc{tensorflow,
title={ {TensorFlow}: Large-Scale Machine Learning on Heterogeneous Systems},
url={https://www.tensorflow.org/},
note={Software available from tensorflow.org},
author={
    Mart\'{i}n~Abadi and
    Ashish~Agarwal and
    Paul~Barham and
    Eugene~Brevdo and
    Zhifeng~Chen and
    Craig~Citro and
    Greg~S.~Corrado and
    Andy~Davis and
    Jeffrey~Dean and
    Matthieu~Devin and
    Sanjay~Ghemawat and
    Ian~Goodfellow and
    Andrew~Harp and
    Geoffrey~Irving and
    Michael~Isard and
    Yangqing Jia and
    Rafal~Jozefowicz and
    Lukasz~Kaiser and
    Manjunath~Kudlur and
    Josh~Levenberg and
    Dandelion~Man\'{e} and
    Rajat~Monga and
    Sherry~Moore and
    Derek~Murray and
    Chris~Olah and
    Mike~Schuster and
    Jonathon~Shlens and
    Benoit~Steiner and
    Ilya~Sutskever and
    Kunal~Talwar and
    Paul~Tucker and
    Vincent~Vanhoucke and
    Vijay~Vasudevan and
    Fernanda~Vi\'{e}gas and
    Oriol~Vinyals and
    Pete~Warden and
    Martin~Wattenberg and
    Martin~Wicke and
    Yuan~Yu and
    Xiaoqiang~Zheng},
  year={2015},
}

@inproceedings{bert,
title	= {BERT: Pre-training of Deep Bidirectional Transformers for Language Understanding},
author	= {Jacob Devlin and Ming-Wei Chang and Kenton Lee and Kristina N. Toutanova},
year	= {2018},
URL	= {https://arxiv.org/abs/1810.04805}
}

@article{wav2vec,
  author    = {Alexei Baevski and
               Henry Zhou and
               Abdelrahman Mohamed and
               Michael Auli},
  title     = {wav2vec 2.0: {A} Framework for Self-Supervised Learning of Speech
               Representations},
  journal   = {CoRR},
  volume    = {abs/2006.11477},
  year      = {2020},
  url       = {https://arxiv.org/abs/2006.11477},
  eprinttype = {arXiv},
  eprint    = {2006.11477},
  timestamp = {Tue, 23 Jun 2020 17:57:22 +0200},
  biburl    = {https://dblp.org/rec/journals/corr/abs-2006-11477.bib},
  bibsource = {dblp computer science bibliography, https://dblp.org}
}


@article{gpt2,
  title={Language Models are Unsupervised Multitask Learners},
  author={Radford, Alec and Wu, Jeff and Child, Rewon and Luan, David and Amodei, Dario and Sutskever, Ilya},
  year={2019}
}

@article{gpt3,
  author    = {Tom B. Brown and
               Benjamin Mann and
               Nick Ryder and
               Melanie Subbiah and
               Jared Kaplan and
               Prafulla Dhariwal and
               Arvind Neelakantan and
               Pranav Shyam and
               Girish Sastry and
               Amanda Askell and
               Sandhini Agarwal and
               Ariel Herbert{-}Voss and
               Gretchen Krueger and
               Tom Henighan and
               Rewon Child and
               Aditya Ramesh and
               Daniel M. Ziegler and
               Jeffrey Wu and
               Clemens Winter and
               Christopher Hesse and
               Mark Chen and
               Eric Sigler and
               Mateusz Litwin and
               Scott Gray and
               Benjamin Chess and
               Jack Clark and
               Christopher Berner and
               Sam McCandlish and
               Alec Radford and
               Ilya Sutskever and
               Dario Amodei},
  title     = {Language Models are Few-Shot Learners},
  journal   = {CoRR},
  volume    = {abs/2005.14165},
  year      = {2020},
  url       = {https://arxiv.org/abs/2005.14165},
  eprinttype = {arXiv},
  eprint    = {2005.14165},
  timestamp = {Wed, 03 Jun 2020 11:36:54 +0200},
  biburl    = {https://dblp.org/rec/journals/corr/abs-2005-14165.bib},
  bibsource = {dblp computer science bibliography, https://dblp.org}
}


@article{vqgan,
  author    = {Jiahui Yu and
               Xin Li and
               Jing Yu Koh and
               Han Zhang and
               Ruoming Pang and
               James Qin and
               Alexander Ku and
               Yuanzhong Xu and
               Jason Baldridge and
               Yonghui Wu},
  title     = {Vector-quantized Image Modeling with Improved {VQGAN}},
  journal   = {CoRR},
  volume    = {abs/2110.04627},
  year      = {2021},
  url       = {https://arxiv.org/abs/2110.04627},
  eprinttype = {arXiv},
  eprint    = {2110.04627},
  timestamp = {Thu, 21 Oct 2021 16:20:08 +0200},
  biburl    = {https://dblp.org/rec/journals/corr/abs-2110-04627.bib},
  bibsource = {dblp computer science bibliography, https://dblp.org}
}


@misc{parti,
  doi = {10.48550/ARXIV.2206.10789},

  url = {https://arxiv.org/abs/2206.10789},

  author = {Yu, Jiahui and Xu, Yuanzhong and Koh, Jing Yu and Luong, Thang and Baid, Gunjan and Wang, Zirui and Vasudevan, Vijay and Ku, Alexander and Yang, Yinfei and Ayan, Burcu Karagol and Hutchinson, Ben and Han, Wei and Parekh, Zarana and Li, Xin and Zhang, Han and Baldridge, Jason and Wu, Yonghui},

  keywords = {Computer Vision and Pattern Recognition (cs.CV), Machine Learning (cs.LG), FOS: Computer and information sciences, FOS: Computer and information sciences},

  title = {Scaling Autoregressive Models for Content-Rich Text-to-Image Generation},

  publisher = {arXiv},

  year = {2022},

  copyright = {arXiv.org perpetual, non-exclusive license}
}

@article{bart,
  author    = {Mike Lewis and
               Yinhan Liu and
               Naman Goyal and
               Marjan Ghazvininejad and
               Abdelrahman Mohamed and
               Omer Levy and
               Veselin Stoyanov and
               Luke Zettlemoyer},
  title     = {{BART:} Denoising Sequence-to-Sequence Pre-training for Natural Language
               Generation, Translation, and Comprehension},
  journal   = {CoRR},
  volume    = {abs/1910.13461},
  year      = {2019},
  url       = {http://arxiv.org/abs/1910.13461},
  eprinttype = {arXiv},
  eprint    = {1910.13461},
  timestamp = {Thu, 31 Oct 2019 14:02:26 +0100},
  biburl    = {https://dblp.org/rec/journals/corr/abs-1910-13461.bib},
  bibsource = {dblp computer science bibliography, https://dblp.org}
}
